
@online{assign, 
  	author  = {Mihaela Vlasea}, 
  	title   = {{Assignment 2}}, 
  	url     = {https://learn.uwaterloo.ca/d2l/le/content/320914/viewContent/1860645/View}, 
	note 	= {Retrieved July 13, 2017}
}

@Book{notes,
	author = {Mihaela Vlasea},
	title = {ME 561: Course Notes},
	year = {2017},
}

@Book{excel,
  title={Excel},
  author={{\relax Microsoft Corporation}},
  year={2016},
}

